@INPROCEEDINGS{sphinx,
  title={Sphinx: A Compact and Provably Secure Mix Format}, 
  author={Danezis, George and Goldberg, Ian},
  booktitle={2009 30th IEEE Symposium on Security and Privacy}, 
  year={2009},
  pages={269-282},
  doi={10.1109/SP.2009.15}
}


@inproceedings{coconut,
  title={Coconut: Threshold issuance selective disclosure credentials with applications to distributed ledgers},
  author={Sonnino, Alberto and Al-Bassam, Mustafa and Bano, Shehar and Meiklejohn, Sarah and Danezis, George},
  booktitle = {26th Annual Network and Distributed System Security Symposium,
NDSS 2019},
  year = {2019},
  month = {February},
  publisher = { The Internet Society}
}

@misc{nym,
  title={The Nym Network},
  author={Diaz, Claudia and Halpin, Harry and Kiayias, Aggelos},
  year={2021},
  url = {https://nymtech.net/nym-whitepaper.pdf}
}